
<record>
  <leader>01004nam a22002177a 4500</leader>
  <controlfield tag="001">4373948</controlfield>
  <controlfield tag="005">19900627160934.4</controlfield>
  <controlfield tag="008">900627s1987    gw a          000 0 ger  </controlfield>
  <datafield tag="035" ind1=" " ind2=" ">
    <subfield code="9">(DLC)   90869583</subfield>
  </datafield>
  <datafield tag="906" ind1=" " ind2=" ">
    <subfield code="a">7</subfield>
    <subfield code="b">cbc</subfield>
    <subfield code="c">orignew</subfield>
    <subfield code="d">u</subfield>
    <subfield code="e">ncip</subfield>
    <subfield code="f">19</subfield>
    <subfield code="g">y-gencatlg</subfield>
  </datafield>
  <datafield tag="955" ind1=" " ind2=" ">
    <subfield code="a">ec11 06-27-90</subfield>
  </datafield>
  <datafield tag="010" ind1=" " ind2=" ">
    <subfield code="a">   90869583 </subfield>
  </datafield>
  <datafield tag="040" ind1=" " ind2=" ">
    <subfield code="a">DLC</subfield>
    <subfield code="c">DLC</subfield>
  </datafield>
  <datafield tag="050" ind1="0" ind2="0">
    <subfield code="a">MLCS 90/02516 (P)</subfield>
  </datafield>
  <datafield tag="245" ind1="0" ind2="0">
    <subfield code="a">Milan Kundera :</subfield>
    <subfield code="b">Kulturpreis der Stadt Dortmund, Nelly-Sachs-Preis 1987 : Ansprachen und Dokumente zur Preisverleihung am 13. Dezember 1987 im Museum fur Kunst und Kulturgeschichte /</subfield>
    <subfield code="c">[Redaktion, Michael Hoppe].</subfield>
  </datafield>
  <datafield tag="260" ind1=" " ind2=" ">
    <subfield code="a">Dortmund :</subfield>
    <subfield code="b">Kulturamt, Stadt Dortmund,</subfield>
    <subfield code="c">[1987]</subfield>
  </datafield>
  <datafield tag="300" ind1=" " ind2=" ">
    <subfield code="a">23 p. :</subfield>
    <subfield code="b">ill. ;</subfield>
    <subfield code="c">21 cm.</subfield>
  </datafield>
  <datafield tag="440" ind1=" " ind2="0">
    <subfield code="a">Mitteilungen aus dem Literaturarchiv Kulturpreis der Stadt Dortmund, Nelly-Sachs-Preis, bei der Stadt- und Landesbibliothek Dortmund ;</subfield>
    <subfield code="v">Heft 10</subfield>
  </datafield>
  <datafield tag="700" ind1="1" ind2=" ">
    <subfield code="a">Kundera, Milan.</subfield>
  </datafield>
  <datafield tag="740" ind1="0" ind2=" ">
    <subfield code="a">Kulturpreis der Stadt Dortmund, Nelly-Sachs-Preis 1987.</subfield>
  </datafield>
  <datafield tag="991" ind1=" " ind2=" ">
    <subfield code="b">c-GenColl</subfield>
    <subfield code="h">MLCS 90/02516 (P)</subfield>
    <subfield code="p">0002014967A</subfield>
    <subfield code="t">Copy 1</subfield>
    <subfield code="w">BOOKS</subfield>
  </datafield>
</record>