
<record>
  <leader>02285cjm a22005531a 4500</leader>
  <controlfield tag="001">12062545</controlfield>
  <controlfield tag="005">20010214113246.0</controlfield>
  <controlfield tag="007">sdufsngnn---ed</controlfield>
  <controlfield tag="008">930128s1992    mauvrn   efi        eng  </controlfield>
  <datafield tag="035" ind1=" " ind2=" ">
    <subfield code="a">(OCoLC)ocm27336835</subfield>
  </datafield>
  <datafield tag="906" ind1=" " ind2=" ">
    <subfield code="a">0</subfield>
    <subfield code="b">cbc</subfield>
    <subfield code="c">copycat</subfield>
    <subfield code="d">3</subfield>
    <subfield code="e">ncip</subfield>
    <subfield code="f">19</subfield>
    <subfield code="g">y-soundrec</subfield>
  </datafield>
  <datafield tag="010" ind1=" " ind2=" ">
    <subfield code="a">   99584251 </subfield>
  </datafield>
  <datafield tag="028" ind1="0" ind2="1">
    <subfield code="a">450-78</subfield>
    <subfield code="b">Neuma</subfield>
  </datafield>
  <datafield tag="033" ind1=" " ind2=" ">
    <subfield code="b">4364</subfield>
    <subfield code="c">S4</subfield>
  </datafield>
  <datafield tag="040" ind1=" " ind2=" ">
    <subfield code="a">DLC</subfield>
    <subfield code="c">MNS</subfield>
    <subfield code="d">TU</subfield>
    <subfield code="d">DLC</subfield>
  </datafield>
  <datafield tag="041" ind1="0" ind2=" ">
    <subfield code="d">eng</subfield>
    <subfield code="g">eng</subfield>
  </datafield>
  <datafield tag="042" ind1=" " ind2=" ">
    <subfield code="a">lcderive</subfield>
  </datafield>
  <datafield tag="050" ind1="0" ind2="0">
    <subfield code="a">Neuma 450-78</subfield>
  </datafield>
  <datafield tag="100" ind1="1" ind2=" ">
    <subfield code="a">Reynolds, Roger,</subfield>
    <subfield code="d">1934-</subfield>
  </datafield>
  <datafield tag="240" ind1="1" ind2="0">
    <subfield code="a">Selections</subfield>
  </datafield>
  <datafield tag="245" ind1="0" ind2="0">
    <subfield code="a">Personae ; The vanity of words ; Variation</subfield>
    <subfield code="h">sound recording /</subfield>
    <subfield code="c">Roger Reynolds.</subfield>
  </datafield>
  <datafield tag="260" ind1=" " ind2=" ">
    <subfield code="a">Acton, MA :</subfield>
    <subfield code="b">Neuma Records,</subfield>
    <subfield code="c">p1992.</subfield>
  </datafield>
  <datafield tag="300" ind1=" " ind2=" ">
    <subfield code="a">1 sound disc (69 min.) :</subfield>
    <subfield code="b">digital, stereo. ;</subfield>
    <subfield code="c">4 3/4 in.</subfield>
  </datafield>
  <datafield tag="306" ind1=" " ind2=" ">
    <subfield code="a">002607</subfield>
    <subfield code="a">002012</subfield>
    <subfield code="a">003154</subfield>
  </datafield>
  <datafield tag="500" ind1=" " ind2=" ">
    <subfield code="a">The 1st work for violin, instrumental ensemble and computer-processed sound; the 2nd for voice and computer; the 3rd for piano.</subfield>
  </datafield>
  <datafield tag="500" ind1=" " ind2=" ">
    <subfield code="a">Text of the 2nd work from: The unbearable lightness of being / Milan Kundera.</subfield>
  </datafield>
  <datafield tag="511" ind1="0" ind2=" ">
    <subfield code="a">In the 1st work: Jǹos Nǧyšy, violin ; SONOR ensemble ; Rand Steiger, conductor. In the 2nd: Philip Larson, baritone. In the 3rd: Aleck Karis, piano.</subfield>
  </datafield>
  <datafield tag="518" ind1=" " ind2=" ">
    <subfield code="a">Recorded at Studio A, Dept. of Music, University of California at San Diego.</subfield>
  </datafield>
  <datafield tag="500" ind1=" " ind2=" ">
    <subfield code="a">Compact disc.</subfield>
  </datafield>
  <datafield tag="500" ind1=" " ind2=" ">
    <subfield code="a">Editions performed: C.F. Peters.</subfield>
  </datafield>
  <datafield tag="500" ind1=" " ind2=" ">
    <subfield code="a">Biographical and program notes, principally by the composer ([11] p. : port.) inserted in container.</subfield>
  </datafield>
  <datafield tag="500" ind1=" " ind2=" ">
    <subfield code="a">Durations: 26:07; 20;12; 31:54.</subfield>
  </datafield>
  <datafield tag="650" ind1=" " ind2="0">
    <subfield code="a">Violin with instrumental ensemble.</subfield>
  </datafield>
  <datafield tag="650" ind1=" " ind2="0">
    <subfield code="a">Electronic music.</subfield>
  </datafield>
  <datafield tag="650" ind1=" " ind2="0">
    <subfield code="a">Monologues with music (Electronics)</subfield>
  </datafield>
  <datafield tag="650" ind1=" " ind2="0">
    <subfield code="a">Variations (Piano)</subfield>
  </datafield>
  <datafield tag="600" ind1="1" ind2="0">
    <subfield code="a">Kundera, Milan</subfield>
    <subfield code="x">Musical settings.</subfield>
  </datafield>
  <datafield tag="700" ind1="1" ind2=" ">
    <subfield code="a">Nǧyšy, Jǹos,</subfield>
    <subfield code="d">1938-</subfield>
    <subfield code="4">itr</subfield>
  </datafield>
  <datafield tag="700" ind1="1" ind2=" ">
    <subfield code="a">Steiger, Rand,</subfield>
    <subfield code="d">1957-</subfield>
    <subfield code="4">cnd</subfield>
  </datafield>
  <datafield tag="700" ind1="1" ind2=" ">
    <subfield code="a">Larson, Philip.</subfield>
    <subfield code="4">voc</subfield>
  </datafield>
  <datafield tag="700" ind1="1" ind2=" ">
    <subfield code="a">Karis, Aleck.</subfield>
    <subfield code="4">itr</subfield>
  </datafield>
  <datafield tag="700" ind1="1" ind2=" ">
    <subfield code="a">Kundera, Milan.</subfield>
    <subfield code="t">Nesnesiteln ̀lehkost byt.̕</subfield>
    <subfield code="l">English.</subfield>
  </datafield>
  <datafield tag="700" ind1="1" ind2="2">
    <subfield code="a">Reynolds, Roger,</subfield>
    <subfield code="d">1934-</subfield>
    <subfield code="t">Personae.</subfield>
  </datafield>
  <datafield tag="700" ind1="1" ind2="2">
    <subfield code="a">Reynolds, Roger,</subfield>
    <subfield code="d">1934-</subfield>
    <subfield code="t">Vanity of words.</subfield>
  </datafield>
  <datafield tag="700" ind1="1" ind2="2">
    <subfield code="a">Reynolds, Roger,</subfield>
    <subfield code="d">1934-</subfield>
    <subfield code="t">Variation,</subfield>
    <subfield code="m">piano.</subfield>
  </datafield>
  <datafield tag="710" ind1="2" ind2=" ">
    <subfield code="a">SONOR (Musical group).</subfield>
    <subfield code="4">prf</subfield>
  </datafield>
  <datafield tag="740" ind1="0" ind2=" ">
    <subfield code="a">Personae.</subfield>
  </datafield>
  <datafield tag="740" ind1="0" ind2=" ">
    <subfield code="a">Vanity of words.</subfield>
  </datafield>
  <datafield tag="985" ind1=" " ind2=" ">
    <subfield code="c">OCLC</subfield>
    <subfield code="e">Claimed Recordings</subfield>
  </datafield>
</record>
</collection>
